@article{kondor1999econophysics,
  title={Econophysics: an emerging science},
  author={Kondor, I and Kertesz, J},
  year={1999},
  publisher={Kluwer, Dordrecht}
}

@book{stanley2000introduction,
  title={An introduction to econophysics},
  author={Stanley, HE and Mantegna, RN},
  year={2000},
  publisher={Cambridge University Press, Cambridge}
}

@book{bouchaud2000theory,
  title={Theory of financial risks},
  author={Bouchaud, Jean-Philippe and Potters, Marc},
  volume={4},
  year={2000},
  publisher={Cambridge University Press, Cambridge From Statistical Physics to Risk~…}
}


@article{stanley2001similarities,
  title={Similarities and differences between physics and economics},
  author={Stanley, H Eugene and Amaral, Luis AN and Gabaix, Xavier and Gopikrishnan, Parameswaran and Plerou, Vasiliki},
  journal={Physica A: Statistical Mechanics and its Applications},
  volume={299},
  number={1-2},
  pages={1--15},
  year={2001},
  publisher={Elsevier}
}

@book{smith1880principles,
  title={The principles which lead and direct philosophical enquiries: illustrated by the history of astronomy},
  author={Smith, Adam},
  year={1880},
  publisher={Basel Mission Press}
}

@mastersthesis{favarodinamicas,
  title={Din{\^a}micas autoregressivas em econof{\'\i}sica},
  author={Favaro, Guilherme Martinatti},
  year = {2007},
  school={Universidade de S{\~a}o Paulo}
}


@misc{vieira_analisando_2019,
	title = {Analisando ações da {Bovespa}},
	howpublished = {Disponível em: \url{https://link.medium.com/dIEtaVEWEZ}},
	abstract = {Sempre tive muito interesse em estudar finanças, especialmente quando comecei a investir. Depois de algumas experiências com a linguagem C…},
	language = {en},
	urldate = {2019-09-02},
	journal = {Medium},
	author = {Vieira, César Menezes},
	month = mar,
	year = {2019},
	urlaccessdate = {13 de set. de 2020}
}


}

@article{tsallis2008sistemas,
  title={Sistemas Complexos: a fronteira entre a ordem e o caos},
  author={Tsallis, Constantino},
  journal={Um olhar para o futuro: desafios da f{\'\i}sica para o s{\'e}culo 21},
  address={Rio de Janeiro},
  edition={1},
  pages={62--73},
  year={2008}
}

@book{pires2011evoluccao,
  title={Evolu{\c{c}}{\~a}o das Ideias da Fisica},
  author={Pires, Antonio ST},
  year={2011},
  address={São Paulo},
  edition={2},
  publisher={Editora Livraria da F{\'\i}sica}
}

@article{gleria2004sistemas,
  title={Sistemas complexos, criticalidade e leis de pot{\^e}ncia},
  author={Gleria, Iram and Matsushita, Raul and Silva, S{\'e}rgio da},
  journal={Revista Brasileira de Ensino de F{\'\i}sica},
  volume={26},
  number={2},
  pages={99--108},
  year={2004},
  publisher={SciELO Brasil}
}

@article{levadaconsideraccoes,
  title={Considerations on Econophysics},
  author={Levada, Celso Lu{\'\i}s and Maceti, Huemerson and Lautenschleguer, Ivan Jos{\'e}},
  journal={American Journal of Engineering Research},
  year={2007},
  volume={6},
  pages={193--198}
}


@article{brown1828xxvii,
  title={XXVII. A brief account of microscopical observations made in the months of June, July and August 1827, on the particles contained in the pollen of plants; and on the general existence of active molecules in organic and inorganic bodies},
  author={Brown, Robert},
  journal={The Philosophical Magazine},
  volume={4},
  number={21},
  pages={161--173},
  year={1828},
  publisher={Taylor \& Francis}
}

@article{silva2007quatro,
  title={Quatro abordagens para o movimento browniano},
  author={Silva, JM and Lima, JAS},
  journal={Revista Brasileira de Ensino de Física},
  volume={29},
  number={1},
  pages={25--35},
  year={2007}
}



@phdthesis{ferreira2006nova,
  title={Uma nova metodologia h{\'\i}brida inteligente para a previs{\~a}o de s{\'e}ries temporais},
  author={FERREIRA, Tiago Alessandro Esp{\'\i}nola},
  year={2006},
  school={Universidade Federal de Pernambuco}
}

@article{stanley1996anomalous,
  title={Anomalous fluctuations in the dynamics of complex systems: from DNA and physiology to econophysics},
  author={Stanley, H Eugene and Afanasyev, Viktor and Amaral, Luis A Nunes and Buldyrev, Serguei V and Goldberger, Ary L and Havlin, Steve and Leschhorn, Harry and Maass, Philipp and Mantegna, Rosario N and Peng, C-K and others},
  journal={Physica A: Statistical Mechanics and its Applications},
  volume={224},
  number={1-2},
  pages={302--321},
  year={1996},
  publisher={Elsevier}
}

@article{stariolomecanica,
  title={Mec{\^a}nica Estat{\'\i}stica},
  author={Stariolo, Daniel A},
  journal={Programa de P{\'o}s-Gradua{\c{c}}{\~a}o em F{\'\i}sica},
  year = {2014},
  note = {Notas de Aula}
}

@article{brigo2007stochastic,
  title={A stochastic processes toolkit for risk management},
  author={Brigo, Damiano and Dalessandro, Antonio and Neugebauer, Matthias and Triki, Fares},
  journal={Available at SSRN 1109160},
  year={2007}
}

@book{einstein1905investigations,
  title={Investigations on the theory of Brownian motion. Translated by AD Cowper},
  author={Einstein, Albert},
  year={1905},
  publisher={Dover Publications, INC}
}

@article{luizteoremas,
  title={Teoremas de Kolmogorov e o Movimento Browniano},
  author={Luiz, Jos{\'e} Lucas P and da Silva, Bruno FC and de Souza, F{\'a}bio S},
  year={2013},
  journal={Anais do Congresso de Matemática Aplicada e Computacional},
  pages={147--149}
}

@phdthesis{priscilla2011,
  title={OPÇÕES DE CONVERSÃO COM MOVIMENTO DE REVERSÃO À MÉDIA COM SALTOS DE POISSON: O CASO DO SETOR SUCROALCOOLEIRO},
  author={Pessoa, Priscilla Figueirêdo Polari},
  year={2011},
  school={Pontifica Universidade Católica do Rio de Janeiro}
}

@misc{carvalho_o_2011,
	title = {O que é Índice de {Sharpe} e como ele é {Calculado}?},
	 url={https://hcinvestimentos.com/2011/12/12/indice-de-sharpe/},
	abstract = {Saiba o que é e como calcular o Índice de Sharpe. Descubra também como o Índice de Sharpe pode ajudar a melhorar sua carteira de investimentos.},
	language = {pt-BR},
	urldate = {2019-09-02},
	journal = {HC Investimentos},
	author = {Carvalho, Henrique},
	month = dec,
	year = {2011},
	urlaccessdate = {19 de set. de 2020}
}

@article{zanini2005teorias,
  title={As teorias de carteira de Markowitz e de Sharpe: uma aplica{\c{c}}{\~a}o no mercado brasileiro de a{\c{c}}{\~o}es entre julho/95 e junho/2000},
  author={Zanini, Francisco Ant{\^o}nio Mesquita and Figueiredo, Antonio Carlos},
  journal={Revista de Administra{\c{c}}{\~a}o Mackenzie (Mackenzie Management Review)},
  volume={6},
  number={2},
  year={2005}
}

@article{doi:10.1111/j.1540-6261.1952.tb01525.x,
author = {Markowitz, Harry},
title = {PORTFOLIO SELECTION*},
journal = {The Journal of Finance},
volume = {7},
number = {1},
pages = {77-91},
doi = {10.1111/j.1540-6261.1952.tb01525.x},
eprint = {https://onlinelibrary.wiley.com/doi/pdf/10.1111/j.1540-6261.1952.tb01525.x},
year = {1952}
}

@article{sharpe1963simplified,
  title={A simplified model for portfolio analysis},
  author={Sharpe, William F},
  journal={Management science},
  volume={9},
  number={2},
  pages={277--293},
  year={1963},
  publisher={INFORMS}
}


@misc{elias_354_2020,
	title = {De 354 ações da {B3}, só 21 estão no azul – e é mais sorte que oportunidade},
	url = {https://www.cnnbrasil.com.br/business/2020/03/31/de-354-acoes-da-b3-so-21-estao-no-azul-e-e-mais-sorte-que-oportunidade},
	abstract = {Basicamente, só empresas com pouca negociação na bolsa de valores ainda estão com variação positiva em 2020, o que distorce as cotações},
	urldate = {2020-09-19},
	journal = {CNN Brasil},
	author = {Elias, Juliana},
	year = {2020},
	urlaccessdate = {19 de set. de 2020}
}

@article{drumond2012analise,
  title={An{\'a}lise de desempenho de small caps no mercado de a{\c{c}}{\~o}es brasileiro: forma{\c{c}}{\~a}o de carteiras {\'o}timas},
  author={Drumond, Clayton},
  journal={Revista de Finan{\c{c}}as Aplicadas},
  volume={1},
  pages={1--14},
  year={2012}
}


@misc{aguillar_small_2019,
	title = {Small {Caps}: entenda o que são e qual a importância delas no mercado},
	shorttitle = {Small {Caps}},
	url = {https://blog.clear.com.br/small-caps/},
	abstract = {Já conhece as Small Caps? Saiba como esse tipo de papel pode ser uma ótima oportunidade de negócio para quem investe em ações},
	language = {pt-BR},
	urldate = {2020-09-19},
	journal = {Blog Clear {\textbar} Tudo sobre Renda Variável {\textbar} Clear Corretora},
	author = {Aguillar, Beatriz},
	month = mar,
	year = {2019},
	urlaccessdate = {19 de set. de 2020}
}


@article{reddy2016simulating,
  title={Simulating stock prices using geometric Brownian motion: Evidence from Australian companies},
  author={Reddy, Krishna and Clinton, Vaughan},
  journal={Australasian Accounting, Business and Finance Journal},
  volume={10},
  number={3},
  pages={23--47},
  year={2016}
}

@article{abidin2014forecasting,
  title={Forecasting share prices of small size companies in Bursa Malaysia using geometric Brownian motion},
  author={Abidin, Siti Nazifah Zainol and Jaffar, Maheran Mohd},
  journal={Applied Mathematics \& Information Sciences},
  volume={8},
  number={1},
  pages={107-112},
  year={2014},
  publisher={Citeseer}
}

@article{postali2006geometric,
  title={Geometric Brownian motion and structural breaks in oil prices: a quantitative analysis},
  author={Postali, Fernando AS and Picchetti, Paulo},
  journal={Energy Economics},
  volume={28},
  number={4},
  pages={506--522},
  year={2006},
  publisher={Elsevier}
}

@article{gatheral2011optimal,
  title={Optimal trade execution under geometric Brownian motion in the Almgren and Chriss framework},
  author={Gatheral, Jim and Schied, Alexander},
  journal={International Journal of Theoretical and Applied Finance},
  volume={14},
  number={03},
  pages={353--368},
  year={2011},
  publisher={World Scientific}
}

@article{gerber2003geometric,
  title={Geometric Brownian motion models for assets and liabilities: from pension funding to optimal dividends},
  author={Gerber, Hans U and Shiu, Elias SW},
  journal={North American Actuarial Journal},
  volume={7},
  number={3},
  pages={37--51},
  year={2003},
  publisher={Taylor \& Francis}
}

@mastersthesis{bessada2005generalizaccoes,
  title={Generaliza{\c{c}}{\~o}es do movimento browniano e suas aplica{\c{c}}{\~o}es {\`a} f{\'\i}sica e a finan{\c{c}}as},
  author={Bessada, Dennis Fernandes Alves},
  year={2005},
  school={Universidade Estadual Paulista (UNESP)}
}

@book{lawrence2009fundamentals,
  title={Fundamentals of forecasting using excel},
  author={Lawrence, Kenneth D and Klimberg, Ronald K and Lawrence, Sheila M},
  year={2009},
  publisher={Industrial Press Inc.}
}